@inproceedings{friedland2010,
  title={Estimating Unpaid Claims using Basic Techniques},
  author={Friedland, Jacqueline},
  booktitle={Casualty {A}ctuarial {S}ociety},
  volume={201},
  number={0},
  year={2010}
}

@article{englandverrall2002,
  title={Stochastic claims reserving in general insurance},
  author={England, Peter D and Verrall, Richard J},
  journal={British Actuarial Journal},
  volume={8},
  number={3},
  pages={443--518},
  year={2002},
  publisher={Cambridge University Press}
}

@inproceedings{englandverrall2001,
  title={A flexible framework for stochastic claims reserving},
  author={England, Peter D and Verrall, Richard J},
  booktitle={Proceedings of the Casualty Actuarial Society},
  volume={88},
  number={1},
  pages={1--38},
  year={2001}
}

@article{england2019,
  title={On the lifetime and one-year views of reserve risk, with application to {IFRS} 17 and {Solvency II} risk margins},
  author={England, Peter D and Verrall, Richard J and W{\"u}thrich, Mario Valentin},
  journal={Insurance: Mathematics and Economics},
  volume={85},
  pages={74--88},
  year={2019},
  publisher={Elsevier}
}

@article{frohlich2018,
  title={Parameter uncertainty and reserve risk under {Solvency II}},
  author={Fr{\"o}hlich, Andreas and Weng, Annegret},
  journal={Insurance: Mathematics and Economics},
  volume={81},
  pages={130--141},
  year={2018},
  publisher={Elsevier}
}

@article{taylor2003,
  title={Loss reserving: past, present and future},
  author={Taylor, Greg and McGuire, Gr{\'a}inne and Greenfield, Alan},
  journal={University of Melbourne Centre of Actuarial Studies Research Paper},
  number={109},
  year={2003}
}

@book{wuthrich2008,
  title={{Stochastic Claims Reserving Methods in Insurance}},
  author={W{\"u}thrich, Mario V and Merz, Michael},
  year={2008},
  publisher={John Wiley \& Sons}
}

@article{taylor1983,
  title={Second moments of estimates of outstanding claims},
  author={Taylor, Greg C and Ashe, Frank R},
  journal={Journal of Econometrics},
  volume={23},
  number={1},
  pages={37--61},
  year={1983},
  publisher={Elsevier}
}

@article{munroe2018,
  title={Solvency capital requirement and the claims development result},
  author={Munroe, D and Zehnwirth, B and Goldenberg, I},
  journal={British Actuarial Journal},
  volume={23},
  pages={e15},
  year={2018},
  publisher={Cambridge University Press}
}

@inproceedings{barnett2000,
  title={Best estimates for reserves},
  author={Barnett, Glen and Zehnwirth, Ben},
  booktitle={Proceedings of the {C}asualty {A}ctuarial {S}ociety},
  volume={87},
  number={167},
  pages={245--321},
  year={2000}
}

@inproceedings{bornhuetter1972,
  title={The actuary and {IBNR}},
  author={Bornhuetter, Ronald L and Ferguson, Ronald E},
  booktitle={Proceedings of the {C}asualty {A}ctuarial {S}ociety},
  volume={59},
  number={112},
  pages={181--195},
  year={1972}
}

@article{mack1993,
  title={Distribution-free calculation of the standard error of chain ladder reserve estimates},
  author={Mack, Thomas},
  journal={ASTIN Bulletin: The Journal of the IAA},
  volume={23},
  number={2},
  pages={213--225},
  year={1993},
  publisher={Cambridge University Press}
}

@article{mack1994,
  title={Which stochastic model is underlying the chain ladder method?},
  author={Mack, Thomas},
  journal={Insurance: {M}athematics and {E}conomics},
  volume={15},
  number={2-3},
  pages={133--138},
  year={1994},
  publisher={Elsevier}
}


@article{taylor1977,
  title={Separation of inflation and other effects from the distribution of non-life insurance claim delays},
  author={Taylor, Greg C},
  journal={ASTIN Bulletin: The Journal of the IAA},
  volume={9},
  number={1-2},
  pages={219--230},
  year={1977},
  publisher={Cambridge University Press}
}

@article{clarke1974,
  title={A practical statistical method of estimating claims liability and claims cash flow},
  author={Clarke, TG and Harland, N},
  journal={ASTIN Bulletin: The Journal of the IAA},
  volume={8},
  number={1},
  pages={26--37},
  year={1974},
  publisher={Cambridge University Press}
}

@article{beard1960,
  title={Three {R}'s of Insurance: risk, retention and reinsurance},
  author={Beard, RE},
  journal={Journal of the Staple Inn Actuarial Society},
  volume={15},
  number={6},
  pages={399--421},
  year={1960},
  publisher={Cambridge University Press}
}

@article{scurfield1968,
  title={Motor insurance statistics},
  author={Scurfield, HH},
  journal={Journal of the Staple Inn Actuarial Society},
  volume={18},
  number={3},
  pages={207--236},
  year={1968},
  publisher={Cambridge University Press}
}

@article{lally2018,
  title={Estimating loss reserves using hierarchical {B}ayesian {G}aussian process regression with input warping},
  author={Lally, Nathan and Hartman, Brian},
  journal={Insurance: Mathematics and Economics},
  volume={82},
  pages={124--140},
  year={2018},
  publisher={Elsevier}
}

@article{almudafer2022,
  title={Stochastic loss reserving with mixture density neural networks},
  author={Al-Mudafer, Muhammed Taher and Avanzi, Benjamin and Taylor, Greg and Wong, Bernard},
  journal={Insurance: Mathematics and Economics},
  volume={105},
  pages={144--174},
  year={2022},
  publisher={Elsevier}
}

@article{kuo2019,
  title={Deeptriangle: a deep learning approach to loss reserving},
  author={Kuo, Kevin},
  journal={Risks},
  volume={7},
  number={3},
  pages={97},
  year={2019},
  publisher={Multidisciplinary Digital Publishing Institute}
}

@article{zhang2012,
  title={A {B}ayesian non-linear model for forecasting insurance loss payments},
  author={Zhang, Yanwei and Dukic, Vanja and Guszcza, James},
  journal={Journal of the Royal Statistical Society Series A: Statistics in Society},
  volume={175},
  number={2},
  pages={637--656},
  year={2012},
  publisher={Oxford University Press}
}

@article{dealba2002,
  title={Bayesian estimation of outstanding claim reserves},
  author={De Alba, Enrique},
  journal={North American Actuarial Journal},
  volume={6},
  number={4},
  pages={1--20},
  year={2002},
  publisher={Taylor \& Francis}
}

@inproceedings{kunce2017,
  title={A Machine-Learning Approach to Parameter Estimation},
  author={Kunce, Jim and Chatterjee, Som},
  booktitle={Casuality {A}ctuarial {S}ociety Monograph Series, Number 6},
  year={2017}
  organization={Casualty Actuarial Society Arlington, VA}
}

@inproceedings{meyers2015,
  title={Stochastic loss reserving using {B}ayesian {MCMC} models},
  author={Meyers, Glenn},
  year={2015},
  organization={Casualty Actuarial Society Arlington, VA},
  booktitle={Casuality {A}ctuarial {S}ociety Monograph Series, Number 8},
}

@article{tailfactors2013,
  title={The estimation of loss development tail factors: a summary report},
  author={{CAS Tail Factor Working Party}},
  journal={{Casualty Actuarial Society Forum}},
  year={2013},
}

@inproceedings{sherman1984,
  title={Extrapolating, smoothing and interpolating development factors},
  author={Sherman, Richard E},
  booktitle={Proceedings of the Casualty Actuarial Society},
  volume={71},
  number={136},
  pages={122--155},
  year={1984}
}

@article{clark2017,
  title={Estimation of Inverse Power Parameters via {GLM}},
  author={Clark, D},
  journal={Actuarial Review, May-June 2017},
  year={2017}
}

@inproceedings{evans2015,
  title={A Continuous Version of {Sherman}â€™s Inverse Power Curve Model with Simple Cumulative Development Factor Formulas},
  author={Evans, Jon},
  booktitle={Casualty Actuarial Society E-Forum, Fall 2014-Volume},
  year={2015}
}

@article{simmons2011,
  title={False-positive psychology: undisclosed flexibility in data collection and analysis allows presenting anything as significant},
  author={Simmons, Joseph P and Nelson, Leif D and Simonsohn, Uri},
  journal={Psychological {S}cience},
  volume={22},
  number={11},
  pages={1359--1366},
  year={2011},
  publisher={Sage Publications Sage CA: Los Angeles, CA}
}

@article{verrall2015,
  title={Parameter reduction in log-normal chain-ladder models},
  author={Verrall, Richard J and W{\"u}thrich, Mario V},
  journal={European Actuarial Journal},
  volume={5},
  pages={355--380},
  year={2015},
  publisher={Springer}
}

@article{verrall2012,
  title={Reversible jump {M}arkov chain Monte Carlo method for parameter reduction in claims reserving},
  author={Verrall, Richard J and W{\"u}thrich, Mario V},
  journal={North American Actuarial Journal},
  volume={16},
  number={2},
  pages={240--259},
  year={2012},
  publisher={Taylor \& Francis}
}

@article{stan2017,
  title={Stan: a probabilistic programming language},
  author={Carpenter, Bob and Gelman, Andrew and Hoffman, Matthew D and Lee, Daniel and Goodrich, Ben and Betancourt, Michael and Brubaker, Marcus A and Guo, Jiqiang and Li, Peter and Riddell, Allen},
  journal={Journal of {S}tatistical {S}oftware},
  volume={76},
  year={2017},
  publisher={NIH Public Access}
}

@article{gelman2020,
  title={Bayesian workflow},
  author={Gelman, Andrew and Vehtari, Aki and Simpson, Daniel and Margossian, Charles C and Carpenter, Bob and Yao, Yuling and Kennedy, Lauren and Gabry, Jonah and B{\"u}rkner, Paul-Christian and Modr{\'a}k, Martin},
  journal={arXiv preprint arXiv:2011.01808},
  year={2020}
}

@article{rabiner1989,
  title={A tutorial on hidden {Markov} models and selected applications in speech recognition},
  author={Rabiner, Lawrence R},
  journal={Proceedings of the IEEE},
  volume={77},
  number={2},
  pages={257--286},
  year={1989},
  publisher={Ieee}
}

@article{carlinchib1995,
  title={Bayesian model choice via {Markov chain Monte Carlo} methods},
  author={Carlin, Bradley P and Chib, Siddhartha},
  journal={Journal of the Royal Statistical Society Series B: Statistical Methodology},
  volume={57},
  number={3},
  pages={473--484},
  year={1995},
  publisher={Oxford University Press}
}

@article{talts2018,
  title={Validating {Bayesian} inference algorithms with simulation-based calibration},
  author={Talts, Sean and Betancourt, Michael and Simpson, Daniel and Vehtari, Aki and Gelman, Andrew},
  journal={arXiv preprint arXiv:1804.06788},
  year={2018}
}

@article{modrak2023,
  title={Simulation-based calibration checking for {B}ayesian computation: the choice of test quantities shapes sensitivity},
  author={Modr{\'a}k, Martin and Moon, Angie H and Kim, Shinyoung and B{\"u}rkner, Paul and Huurre, Niko and Faltejskov{\'a}, Kate{\v{r}}ina and Gelman, Andrew and Vehtari, Aki},
  journal={Bayesian Analysis},
  volume={1},
  number={1},
  pages={1--28},
  year={2023},
  publisher={International Society for Bayesian Analysis}
}

@article{balona2022,
	journal={Available at SSRN 3697256},
	title={The Actuary and {IBNR} Techniques: a Machine Learning Approach},
	author={Balona, Caesar and Richman, Ronald},
	date={2022-11-03},
	year=2022,
	month=11,
	day=3,
}


@article{merz2015,
  title={Claims run-off uncertainty: the full picture},
  author={Merz, Michael and W{\"u}thrich, Mario V},
  journal={Swiss Finance Institute Research Paper},
  number={14-69},
  year={2015}
}

@article{gisler2009,
  title={The insurance risk in the {SST} and in {Solvency II}: modelling and parameter estimation},
  author={Gisler, Alois},
  journal={Available at SSRN 2704364},
  year={2009}
}

@article{vehtari2017,
  title={Practical {B}ayesian model evaluation using leave-one-out cross-validation and WAIC},
  author={Vehtari, Aki and Gelman, Andrew and Gabry, Jonah},
  journal={Statistics and {C}omputing},
  volume={27},
  pages={1413--1432},
  year={2017},
  publisher={Springer}
}

@article{sivula2020,
  title={Uncertainty in {B}ayesian leave-one-out cross-validation based model comparison},
  author={Sivula, Tuomas and Magnusson, M{\aa}ns and Matamoros, Asael Alonzo and Vehtari, Aki},
  journal={arXiv preprint arXiv:2008.10296},
  year={2020}
}

@article{deshpande2022,
  title={Are you using test log-likelihood correctly?},
  author={Deshpande, Sameer K and Ghosh, Soumya and Nguyen, Tin D and Broderick, Tamara},
  journal={arXiv preprint arXiv:2212.00219},
  year={2022}
}

@article{leos2017,
  title={Analysis of animal accelerometer data using hidden {Markov} models},
  author={Leos-Barajas, Vianey and Photopoulou, Theoni and Langrock, Roland and Patterson, Toby A and Watanabe, Yuuki Y and Murgatroyd, Megan and Papastamatiou, Yannis P},
  journal={Methods in Ecology and Evolution},
  volume={8},
  number={2},
  pages={161--173},
  year={2017},
  publisher={Wiley Online Library}
}

@article{hesselager1994,
  title={A {M}arkov model for loss reserving},
  author={Hesselager, Ole},
  journal={ASTIN Bulletin: The Journal of the IAA},
  volume={24},
  number={2},
  pages={183--193},
  year={1994},
  publisher={Cambridge University Press}
}

@inproceedings{gesmann2020,
  title={Hierarchical compartmental reserving models},
  author={Gesmann, Markus and Morris, J},
  booktitle={Casualty Actuarial Society},
  pages={4},
  year={2020}
}

@article{zhang2010,
  title={A general multivariate chain ladder model},
  author={Zhang, Yanwei},
  journal={Insurance: Mathematics and Economics},
  volume={46},
  number={3},
  pages={588--599},
  year={2010},
  publisher={Elsevier}
}

@software{cmdstanpy2024,
    title={\texttt{cmdstanpy}: the python interface to cmdstan},
    date={2024-03-26},
    year={2024},
    url={https://github.com/stan-dev/cmdstanpy},
    author={{Stan development team}},
    version={1.2.2},
}

@software{cmdstan2024,
    title={\texttt{cmdstan}: the command line interface to stan},
    year={2024},
    date={2024-01-23},
    author={{Stan development team}},
    version={2.34.1},
    url={https://github.com/stan-dev/cmdstan}
}

@article{dunn1996,
  title={Randomized quantile residuals},
  author={Dunn, Peter K and Smyth, Gordon K},
  journal={Journal of {C}omputational and {G}raphical {S}tatistics},
  volume={5},
  number={3},
  pages={236--244},
  year={1996},
  publisher={Taylor \& Francis}
}
